@mastersthesis{HugoThesis,
	title = {Extending an Ontology-Based Personalized Dietary Recommendation for Weightlifting with Biomechanical Knowledge},
	author = {Hugo Dias},
	school = {University of Minho},
	address = {Guimaraes},
	%year = {2013},
}

@article{AeroArticle,
	tittle = {A framework for developing engineering design ontologies within the aerospace industry},
	author = {Sanya, I. O. and Shehab, E. M.},
	journal = {International Journal of Production Research},
	year = {2015},
}

@article{Bock2008,
	author = {Bock, J{\"{u}}rgen and Haase, Peter and Ji, Qiu and Volz, Raphael},
	isbn = {9781595936493},
	issn = {16130073},
	journal = {CEUR Workshop Proceedings},
	title = {{Benchmarking OWL reasoners}},
	volume = {350},
	year = {2008}
}

@article{Dentler2011,
	author = {Dentler, Kathrin and Cornet, Ronald and {Ten Teije}, Annette and {De Keizer}, Nicolette},
	doi = {10.3233/SW-2011-0034},
	issn = {15700844},
	journal = {Semantic Web},
	number = {2},
	pages = {71--87},
	title = {{Comparison of reasoners for large ontologies in the OWL 2 EL profile}},
	volume = {2},
	year = {2011}
}

@misc{1_hermitreasoner,
	url={http://www.hermit-reasoner.com/},
	urldate={2016-9-16},
	journal={Hermit-reasoner.com},
	year={2016}
},

@misc{2_stardog-union/pellet_2016,
	url={https://github.com/stardog-union/pellet},
	urldate={2016-9-16},
	journal={GitHub},
	year={2016}
},

@misc{3_fact++reasoner,
	url={http://owl.cs.manchester.ac.uk/tools/fact/},
	urldate={2016-9-16},
	journal={Owl.cs.manchester.ac.uk},
	year={2016}
}

@misc{4_racerpro_2016,
	url={http://franz.com/agraph/racer/},
	urldate={2016-9-16},
	journal={Franz.com},
	year={2016}
}